# =====================================
#    My Papers / Thesis
# =====================================
@inproceedings{Neto2020a, 
  author = {O. B. L. {Neto} and M. {Mulas} and F. {Corona}},
  eventtitle = {2020 European Control Conference (ECC)}, 
  booktitle = {Proceedings of the 2020 European Control Conference}, 
  title = {On the controllability of activated sludge plants}, 
  year = {2020},
  venue = {St. Petersburg, Russia},
  publisher = {IEEE},
  volume = {},
  number = {},
  location = {},
  pages = {581-586}
}

@article{Neto2020b,
  author = {O. B. L. {Neto} and M. {Mulas} and F. {Corona}},
  title = {On the observability of activated sludge plants},
  journal = {IFAC-PapersOnLine},
  volume = {53},
  number = {2},
  pages = {16802-16807},
  year = {2020},
  note = {21th IFAC World Congress},
}

@inproceedings{Neto2021, 
  author = {O. B. L. {Neto} and Antoine {Haddon} and Farouk {Aichouche} and Jérôme {Harmand} and M. {Mulas} and F. {Corona}}, 
  eventtitle = {11th IFAC Symposium on Advanced Control of Chemical Processes}, 
  booktitle = {Proceedings of the 11th IFAC Symposium on Advanced Control of Chemical Processes}, 
  title = {Predictive control of activated sludge plants to supply nitrogen for optimal crop growth}, 
  year = {2021}, 
  venue = {Venice, Italy},
  publisher = {IFAC},
  volume = {},
  number = {},
  location = {},
  pages = {(To appear)}
}

# =====================================
#    Wastewater Treatment References
# =====================================
@article{Olsson2013,
  author = {G. Olsson and B. Carlsson and J. Comas and J. Copp and K.V. Gernaey and P. Ingildsen and U. Jeppsson and C. Kim and L. Rieger and I. Rodr\`{i}guez-Roda and J.P. Steyer and I. Tak{\'{a}}cs and P.A. Vanrolleghem and A. Vargas and Z. Yuan and L. {\AA}mand},
  title = {Instrumentation, control and automation in wastewater - from {L}ondon 1973 to {N}arbonne 2013},
  journal = {Water Science \& Technology},
  year = {2013},
  volume = {69},
  number = {7},
  pages = {1372-1385}
}

@book{Henze2000,
  title = {Activated Sludge Models ASM1, ASM2, ASM2d and ASM3},
  author = {Henze, Mogens and Gujer, Willi and Mino, Takashi and van Loosdrecht, Mark C. M.},
  year = {2000},
  publisher = {IWA Publishing},
  series = {Scientific and Technical Report Series No. 9}
}


@book{Gernaey2014,
  title = {Benchmarking of Control Strategies for Wastewater Treatment Plants},
  author = {K.V. Gernaey and U. Jeppsson and P. Vanrolleghem and J. Copp},
  year = {2014},
  publisher = {IWA Publishing},
  series = {Scientific and Technical Report Series No. 23}
}

@article{Gernaey2011,
  title = {Dynamic influent pollutant disturbance scenario generation using a phenomenological modelling approach},
  journal = {Environmental Modelling \& Software},
  author = {Krist V. Gernaey and Xavier Flores-Alsina and Christian Rosen and Lorenzo Benedetti and Ulf Jeppsson},
  year = {2011},
  volume = {26},
  number = {11},
  pages = {1255-1267},
}

@article{Vega2014,
  author = {P. Vega and R. Lamanna and S. Revollar and M. Francisco},
  title = {Integrated design and control of chemical processes - {P}art {II}: {A}n illustrative example},
  journal = {Computers \& Chemical Engineering},
  year = {2014},
  volume = {71},
  pages = {618-635},
}

@article{Exler2008,
  author = {O. Exler and L. Antelo and J. Egea and A. Alonso and J. Banga},
  title = {A {T}abu search-based algorithm form mixed-integer-nonlinear problems and its applications to integrated process and control system design},
  journal = {Computers \& Chemical Engineering}, 
  year = {2008},
  volume = {32},
  pages = {1877-1891},
}

@inproceedings{Guerra2012, 
  author = {I. Guerra and R. Lamanna and S. Revollar and M. Francisco}, 
  booktitle = {20th Mediterranean Conference on Control Automation (MED)}, 
  title = {An activated-sludge-process application of integrated design and predictive control with instantaneous linearization}, 
  year = {2012}, 
  volume = {}, 
  number = {}, 
  pages = {782-787},
}

@article{Francisco2015,
  author = {M. Francisco and S. Skogestad and P. Vega},
  title = {Model predictive control for the self-optimized operation in wastewater treatment plants: Analysis of dynamic issues},
  journal = {Computers \& Chemical Engineerin},
  year = {2015},
  volume = {82},
  pages = {259-272},
}

@phdthesis{Halvarsson2010,
  author   = {B. Halvarsson},
  title    = {Interaction Analysis in Multivariable Control Systems Applications to Bioreactors for Nitrogen Removal},
  school   = {Uppsala University, Sweden},
  year     = {2010}
}

@article{Takacs1991,
  author = {I. {Takács} and G.G. {Patry} and D. {Nolasco}},
  title = {A dynamic model of the clarification-thickening process},
  journal = {Water Research},
  volume = {25},
  number = {10},
  pages = {1263-1271},
  year = {1991}
}

@article{Alex2008,
  title = {Benchmark Simulation Model no. 1 ({BSM1})},
  author = {Alex, J and Benedetti, L and Copp, J and Gernaey, KV and Jeppsson, Ulf and Nopens, I and Pons, MN and Rieger, L and Rosen, C and Steyer, JP and others},
  journal = {IWA},
  pages = {19--20},
  year = {2008}
}

@article{Busch2013,
  title = {State estimation for large-scale wastewater treatment plants},
  journal = {Water Research},
  volume = {47},
  number = {13},
  pages = {4774-4787},
  year = {2013},
  author = {Busch, Jan and Elixmann, David and K\"uhl, Peter and Gerkens, Carine and Schl\"oder, Johannes P. and Bock, Hans G. and Marquardt, Wolfgang}
}

@article{Yin2018,
  title = {State estimation of wastewater treatment plants based on model approximation},
  journal = {Computers \& Chemical Engineering},
  volume = {111},
  pages = {79-91},
  year = {2018},
  author = {Yin, Xunyuan and Liu, Jinfeng}
}

@book{Grady2011,
  title={Biological wastewater treatment},
  author={Grady Jr, CP Leslie and Daigger, Glen T and Love, Nancy G and Filipe, Carlos DM},
  year={2011},
  edition={3},
  publisher={CRC press}
}

@article{Mouheb2018,
	author={Ait Mouheb, N. and G. Bourrié and B. Ben Thayer and B. Benyahia and B. Cherki and N. Condom and R. Declercq and M. Héran and R. Khalifa and B. Molle and D. Patureau and P. Renault and B. Romagny and C. Sinfort and J. P. Steyer and T. Sari and N. Wery and J. Harmand},
	title={The reuse of reclaimed water for irrigation around the Mediterranean Rim: a step towards a more virtuous cycle?},
	journal={Regional Environmental Change},
	year={2018},
	volume={18},
	number={3},
	pages={693-705}
}

@article{Thwaites2018,
  author = {Benjamin J. Thwaites and Michael D. Short and Richard M. Stuetz and Petra J. Reeve and Juan-Pablo {Alvarez Gaitan} and Nirmala Dinesh and Ben {van den Akker}},
  title = {Comparing the performance of aerobic granular sludge versus conventional activated sludge for microbial log removal and effluent quality: Implications for water reuse},
  journal = {Water Research},
  volume = {145},
  pages = {442-452},
  year = {2018},
  issn = {0043-1354},
}

@article{Ricart2019,
  author = {Sandra Ricart and Antonio M. Rico},
  title = {Assessing technical and social driving factors of water reuse in agriculture: A review on risks, regulation and the yuck factor},
  journal = {Agricultural Water Management},
  volume = {217},
  pages = {426-439},
  year = {2019},
  issn = {0378-3774},
}

# =====================================
#    General Control Theory Books
# =====================================
@book{Kirk2004,
  title = {Optimal control theory: an introduction},
  author = {Kirk, Donald E.},
  year = {2004},
  publisher = {Courier Corporation}
}

@book{Chen1998,
  title = {Linear System Theory and Design},
  author = {Chen, Chi-Tsong},
  year = {1998},
  publisher = {Oxford University Press},
  edition = {3},
  series = {The Oxford Series in Electrical and Computer Engineering}
}

@book{Callier1991,
  title = {Linear System Theory},
  author = {Callier, Frank M. and Desoer, Charles A.},
  year = {1991},
  publisher = {Springer Science \& Business Media},
  series = {Springer Texts in Electrical Engineering}
}

@book{Rawlings2020,
  title = {Model Predictive Control: Theory, Computation and Design},
  author = {Rawlings, James B. and Mayne, David Q. and Diehl, Moritz M.},
  year = {2020},
  edition = {2},
  publisher = {Nob Hill Publishing, LLC.}
}

@book{Borrelli2017, 
  author = {Borrelli, Francesco and Bemporad, Alberto and Morari, Manfred}, 
  place = {Cambridge}, 
  title = {Predictive Control for Linear and Hybrid Systems}, 
  publisher = {Cambridge University Press}, 
  year = {2017}
}

@book{Betts2010,
  title = {Practical methods for optimal control and estimation using nonlinear programming},
  author = {Betts, John T},
  year = {2010},
  publisher = {SIAM},
  series = {Advances in Design and Control}
}

@book{Liberzon2011,
  title={Calculus of variations and optimal control theory: a concise introduction},
  author={Liberzon, Daniel},
  year={2011},
  publisher={Princeton University Press}
}

@book{Boyd2004,
  title={Convex optimization},
  author={Boyd, Stephen P. and Vandenberghe, Lieven},
  year={2004},
  publisher={Cambridge University Press}
}

@book{Bishop2006,
  title={Pattern recognition and machine learning},
  author={Bishop, Christopher M},
  year={2006},
  publisher={Springer}
}

@book{Sarkka2013,
  title={Bayesian filtering and smoothing},
  author={S{\"a}rkk{\"a}, Simo},
  number={3},
  year={2013},
  publisher={Cambridge University Press}
}

@book{Maybeck1979,
  title={Stochastic models, estimation, and control},
  author={Maybeck, Peter S},
  volume={1},
  year={1979},
  publisher={Academic Press}
}



# =====================================
#    General Control Theory Papers
# =====================================
@article{Benner2008,
  author = {Benner, Peter and Li, Jing-Rebecca and Penzl, Thilo},
  title = {Numerical solution of large-scale {L}yapunov equations, {R}iccati equations, and linear-quadratic optimal control problems},
  journal = {Numerical Linear Algebra with Applications},
  volume = {15},
  number = {9},
  pages = {755-777},
  year = {2008}
}

@article{Muller1972, 
  author = {M\"{u}ller, P. C. and Weber, H. I.},
  title = {Analysis and Optimization of Certain Qualities of Controllability and Observability for Linear Dynamical Systems},
  year = {1972},
  address = {USA},
  volume = {8},
  number = {3},
  journal = {Automatica},
  pages = {237–246}
}

@book{Reinschke1988,
  title = {Multivariable Control: a Graph-theoretic Approach},
  author = {Reinschke, Kurt Johannes},
  year = {1988},
  publisher = {Springer}
}

@article{Liu2011,
  author = {Liu, Yang-Yu and Slotine, Jean-Jacques and Barab{\'a}si, Albert-L{\'a}szl{\'o}},
  title = {Controllability of complex networks},
  journal = {Nature},
  year = {2011},
  volume = {473},
  number = {7346},
  pages = {167-173}
}

@article {Liu2013,
  author = {Liu, Yang-Yu and Slotine, Jean-Jacques and Barab{\'a}si, Albert-L{\'a}szl{\'o}},
  title = {Observability of complex systems},
  volume = {110},
  number = {7},
  pages = {2460--2465},
  year = {2013},
  publisher = {National Academy of Sciences},
  journal = {Proceedings of the National Academy of Sciences}
}

@article{Mayne2000,
  title = {Constrained model predictive control: Stability and optimality},
  journal = {Automatica},
  author = {D.Q. Mayne and J.B. Rawlings and C.V. Rao and P.O.M. Scokaert},
  volume = {36},
  number = {6},
  pages = {789-814},
  year = {2000},
}


@article{Gros2020,
	title = {From linear to nonlinear {MPC}: bridging the gap via the real-time iteration},
	journal = {International Journal of Control},
	author = {Gros, Sébastien and Zanon, Mario and Quirynen, Rien and Bemporad, Alberto and Diehl, Moritz},
	volume = {93},
	number = {1},
	year = {2020},
	pages = {62--80},
}

@article{Rao2003,
	title = {Constrained state estimation for nonlinear discrete-time systems: stability and moving horizon approximations},
	journal = {IEEE Transactions on Automatic Control},
	author = {Rao, C. V. and Rawlings, J. B. and Mayne, D. Q.},
	year = {2003},
	volume = {48},
	number = {2},
	pages = {246--258},
}

@article{Pasqualetti2014,
  author = {F. {Pasqualetti} and S. {Zampieri} and F. {Bullo}},
  journal = {IEEE Transactions on Control of Network Systems}, 
  title = {Controllability Metrics, Limitations and Algorithms for Complex Networks}, 
  year = {2014},
  volume = {1},
  number = {1},
  pages = {40-52}
}

@article{Kalman1963,
  author = {Kalman, R. E.},
  title = {Mathematical Description of Linear Dynamical Systems},
  journal = {Journal of the Society for Industrial and Applied Mathematics Series A Control},
  volume = {1},
  number = {2},
  pages = {152-192},
  year = {1963}
}

@inproceedings{Kalman1960,
  title = {On the general theory of control systems},
  author = {R.E. Kalman},
  eventtitle = {1st International IFAC Congress on Automatic and Remote Control},
  booktitle = {IFAC Proceedings Volumes},
  volume = {1},
  number = {1},
  year = {1960},
  pages = {491-502},
  venue = {Moscow, USSR}
}

@article{Hautus1970,
  title = {Stabilization, controllability and observability of linear autonomous systems},
  author = {M. L. J. {Hautus}},
  year = {1970},
  volume = {73},
  pages = {448-455},
  journal = {Indagationes Mathematicae (Proceedings)}
}


@article{Griewank1982,
	title = {Partitioned variable metric updates for large structured optimization problems},
	journal = {Numerische Mathematik},
	author = {Griewank, A. and Toint, Ph. L.},
	year = {1982},
	volume = {39},
	number = {1},
	pages = {119--137},
}

@article{Lin1974,
  author = {Ching-Tai Lin},
  journal = {IEEE Transactions on Automatic Control},
  title = {Structural controllability},
  year = {1974},
  volume = {19},
  number = {3},
  pages = {201-208}
}

@book{Cormen2009,
  title = {Introduction to Algorithms},
  author = {Cormen, Thomas H and Leiserson, Charles E and Rivest, Ronald L and Stein, Clifford},
  year = {2009},
  publisher = {MIT Press},
  edition = {3}
}

@article{Hall1935,
  author = {Hall, P.},
  title = {On Representatives of Subsets},
  journal = {Journal of the London Mathematical Society},
  volume = {s1-10},
  number = {1},
  pages = {26-30},
  year = {1935}
}

@article{Summers2016,
  author = {T. H. {Summers} and F. L. {Cortesi} and J. {Lygeros}},
  journal = {IEEE Transactions on Control of Network Systems},
  title = {On Submodularity and Controllability in Complex Dynamical Networks},
  year = {2016},
  volume = {3},
  number = {1},
  pages = {91-101}
}

@article{Zhao2015,
  author = {Zhao, Chen and Wang, Wen-Xu and Liu, Yang-Yu and Slotine, Jean-Jacques},
  title = {Intrinsic dynamics induce global symmetry in network controllability},
  journal = {Scientific Reports},
  year = {2015},
  volume = {5},
  number = {8422}
}

@article{Cowan2012,
  author = {Cowan, Noah J. AND Chastain, Erick J. AND Vilhena, Daril A. AND Freudenberg, James S. AND Bergstrom, Carl T.},
  journal = {PLOS ONE},
  publisher = {Public Library of Science},
  title = {Nodal Dynamics, Not Degree Distributions, Determine the Structural Controllability of Complex Networks},
  year = {2012},
  month = {06},
  volume = {7},
  pages = {1-5},
  number = {6}
}

@article{Glover1984,
  author = {Glover, Keith},
  title = {All optimal Hankel-norm approximations of linear multivariable systems and their L$^\infty$-error bounds},
  journal = {International Journal of Control},
  volume = {39},
  number = {6},
  pages = {1115-1193},
  year  = {1984},
  publisher = {Taylor & Francis},
}doi = {10.1080/00207178408933239},
}

@inproceedings{Enns1984,
  author = {D. F. Enns},
  booktitle = {The 23rd IEEE Conference on Decision and Control}, 
  title = {Model reduction with balanced realizations: An error bound and a frequency weighted generalization}, 
  year = {1984},
  volume = {},
  number = {},
  pages = {127-132},
}

@book{Antoulas2005,
  title = {Approximation of large-scale dynamical systems},
  author = {Antoulas, Athanasios C},
  volume = {6},
  year = {2005},
  publisher = {SIAM}
}

@ARTICLE{Moore1981,
  author = {B. C. {Moore}},
  journal = {IEEE Transactions on Automatic Control}, 
  title = {Principal component analysis in linear systems: Controllability, observability, and model reduction}, 
  year = {1981},
  volume = {26},
  number = {1},
  pages = {17-32},
}

@ARTICLE{Dooren1981,
  author = {P. {Van Dooren}},
  journal = {IEEE Transactions on Automatic Control}, 
  title = {The generalized eigenstructure problem in linear system theory}, 
  year = {1981},
  volume = {26},
  number = {1},
  pages = {111-129},
}

@article{Hoen1996,
	author = {K. Hoen and M. Schuhen and M. K\"{o}hne},
	title = {Control of nitrogen removal in wastewater treatment plants with predenitrification, depending on the actual purification capacity},
	journal = {Water Science \& Technology},
	volume = {33},
	number = {1},
	pages = {223 - 236},
	year = {1996},
}

@article{Steffens1999,
	author = {M.A. Steffens and P.A. Lant},
	title = {Multivariable control of nutrient-removing activated sludge systems},
	journal = {Water Research},
	volume = {33},
	number = {12},
	pages = {2864--2878},
	year = {1999},
}

@article{Rosen2002,
	author = {C. Rosen and M. Larsson and U. Jeppsson and Z. Yuan},
	title = {A Framework for extreme-event control in wastewater treatment},
	journal = {Water Science \& Technology},
	year = {2002},
	volume = {45},
	number = {4--5},
	pages = {299--308},
}

@inproceedings{Alex2002,
  author = {J. Alex and R. Tschepetzki and U. Jumar},
  title = {Predictive control of nitrogen removal in {WWTP} using parsimonious models},
  booktitle = {Proceedings of the {F}ifteenth {IFAC} {W}orld {C}ongress on {A}utomatic {C}ontrol},
  address= {Barcelona, Spain},
  year = {2002},
  pages = {1458--1458}
}

@incollection{Corriou2004,
	author = {J.-P. Corriou and M.-N. Pons},
	title = {Model predictive control of wastewater treatment plants: Application to the {BSM1} benchmark},
	editor = {A. Barbosa-Povoa and H. Matos},
	booktitle = {European {S}ymposium on {C}omputer-{A}ided {P}rocess {E}ngineering-14, {T}hirty-seventh {E}uropean {S}ymposium of the {W}orking {P}arty on {C}omputer-{A}ided {P}rocess {E}ngineering},
	publisher = "Elsevier",
	year = {2004},
	volume = {18},
	pages = {625--630},
	series = "Computer Aided Chemical Engineering ",
}

@article{Shen2008,
	author = {W. Shen and X. Chen and J.P. Corriou},
	title = {Application of model predictive control to the {BSM1} benchmark of wastewater treatment process},
	journal = {Computers \& Chemical Engineering},
	year = {2008},
	volume = {22},
	number = {12},
	pages = {2849--2856},
}

@article{Ostace2011,
	author = "G.S. Ostace and V.M. Cristea and P.S. Agachi",
	title = {Cost reduction of the wastewater treatment plant operation by {MPC} based on modified {ASM1} with two-step nitrification/denitrification model},
	journal = {Computers \& Chemical Engineering},
	volume = {35},
	number = {11},
	pages = {2469 -- 2479},
	year = {2011},
}

@article{Han2014,
	author = {H.-G. Han and H.-H. Qian and J.-F. Qiao},
	title = {Nonlinear multiobjective model-predictive control scheme for wastewater treatment process},
	journal = {Journal of Process Control},
	year = {2014},
	volume = {24},
	number = {3},
	pages = {47--59}
} 

@inproceedings{Sotomayor2002,
  author = {O.A.Z. Sotomayor and C. Garcia},
  title = {Model-based predictive control of a pre-denitrification plant: linear state-space model approach},
  booktitle = {Proceedings of the {F}ifteenth {IFAC} {W}orld {C}ongress on {A}utomatic {C}ontrol},
  address= {Barcelona, Spain},
  year = {2002},
  pages = {1462--1462}
}

@article{Ekman2008,
	author = {M. Ekman},
	title = {Bilinear black-box identification and {MPC} of the activated sludge process},
	journal = {Journal of Process Control},
	year = {2008}, 
	volume = {18},		
	number = {7--8},
	pages = { 643--653},
}

@article{Marsili2002,
	author = {S. Marsili-Libelli and L. Giunti},
	title = {Fuzzy predictive control for nitrogen removal in biological wastewater treatment},
	journal = {Water Science \& Technology},
	year = {2002},
	volume = {45},
	number = {4--5},
	pages = {1585--1624},
}

@article{Vrecko2011,
	author = {D. Vre\u{c}ko and H. Hvala and S. Stra\u{z}ar},
	title = {The application of model predictive control of ammonia nitrogen in an activated sludge process},
	journal = {Water Science \& Technology},
	year = {2011},
	volume = {64},
	number = {5},
	pages = {1115--1121}
} 

@article{Stare2007,
	author = {A. Stare and D. Vrečko and N. Hvala and S. Strmčnik},
	title = {Comparison of control strategies for nitrogen removal in an activated sludge process in terms of operating costs: A simulation study},
	journal = {Water Research},
	volume = {41},
	number = {9},
	pages = {2004--2014},
	year = {2007},
}

@article{Holenda2008,
	author = "B. Holenda and E. Dokomosa and \'{A}. R\`{e}dey and J. Fazakas",
	title = "Dissolved oxygen control of the activated sludge wastewater treatment process using model predictive control",
	journal = "Computers \& Chemical Engineering",
	volume = "33",
	number = "6",
	pages = "1270--1278",
	year = "2008",
}

@book{Olsson1973,
	title = "Control Problems in Wastewater Treatment Plants",
	author = "Gustaf Olsson and Karl Eklund and Dahlqvist, {Kjell Ivar} and Lars Ulmgren",
	year = "1973",
	series = "Research Reports TFRT-3064",
	publisher = "Department of Automatic Control, Lund Institute of Technology (LTH)",
}

@article{Olsson1978,
	author = "G. Olsson and J.F. Andrews",
	title = "The dissolved oxygen profile - a valuable tool for control of the activated sludge process",
	journal = "Water Research",
	volume = "12",
	number = "11",
	pages = "985--1004",
	year = "1978",
}

@book{Olsson2005,
	title = "Instrumentation, Control and Automation in Wastewater Systems",
	author = "Olsson, G. and Nielsen, M. and Yuan, Z. and Lynggaard-Jensen, A. and Steyer, J.P.",
	year = "2005",
	publisher = " IWA Publishing, London",
}

@article{Amand2013,
	author = "{\AA}mand, L. and Olsson, G. and Carlsson, B.",
	title = "Aeration control - {A} review",
	journal = "Water Science \& Technology",
	volume = "67",
	number = "1",
	pages = "2374-2398",
	year = "2013",
}

@article{Forbes2015,
	author = "Michael G. Forbes and Rohit S. Patwardhan and Hamza Hamadah and R. Bhushan Gopaluni",
	title = "Model Predictive Control in Industry: Challenges and Opportunities",
	journal = "IFAC-PapersOnLine",	
	volume = "48",
	number = "8",
	pages = "531 - 538",
	year = "2015",
	note = "9th IFAC Symposium on Advanced Control of Chemical Processes ADCHEM 2015",
}

@article{Stentoft2019,
	author = "Peter A. Stentoft and Daniela Guericke and Thomas Munk-Nielsen and Peter S. Mikkelsen and Henrik Madsen and Luca Vezzaro and Jan K. M{\o}ller",
	title = "Model Predictive Control of Stochastic Wastewater Treatment Process for Smart Power, Cost-Effective Aeration",
	journal = "IFAC-PapersOnLine",
	volume = "52",	
	number = "1",
	pages = "622 - 627",
	year = "2019",
	note = "12th IFAC Symposium on Dynamics and Control of Process Systems, including Biosystems DYCOPS 2019",
}

@inproceedings{Moliner2019,
  author="R. {Moliner-Heredia} and I. {Penarrocha-Alos} and R. {Sanchis-Llopis}",
  booktitle="IEEE 15th International Conference on Control and Automation (ICCA)", 
  title="Economic model predictive control of wastewater treatment plants based on BSM1 using linear prediction models", 
  year="2019",
  volume = {},
  number = {},
  pages="73-78",
 }
  
@article{Qiao2019,
  author="Qiao, J.-F. and Hou, Y. and Han, H.-G.",
  title="Optimal control for wastewater treatment process based on an adaptive multi-objective differential evolution algorithm",
  journal="Neural Computing \& Applications",
  year="2019",
  volume="31",
  number="7",
  pages="2537-2550",
}

@article{Han2019,
  author="Han, H. and Wu, X. and Qiao, J.",
  title="A self-organizing sliding-mode controller for wastewater treatment processes",
  journal="IEEE Transactions on Control Systems Technology",
  year="2019",
  volume="27",
  number="4",
  pages="1480-1491",
}

@article{Zeng2015,
  author = "Zeng, Jing and Liu, Jinfeng",
  title = "Economic Model Predictive Control of Wastewater Treatment Processes",
  journal = "Industrial \& Engineering Chemistry Research",
  volume = "54",
  number = "21",
  pages = "5710-5721",
  year = "2015",
}

@article{Zhang2019,
  author = "Zhang, A. and Liu, J.",
  title = "Economic MPC of Wastewater Treatment Plants Based on Model Reduction",
  journal = "Processes",
  volume = "7",
  pages ="682",
  year = "2019",
}

@article{Mayeda1979,
  title = {Strong Structural Sontrollability},
  author = {Mayeda, Hirokazu and Yamada, Takashi},
  journal = {SIAM Journal on Control and Optimization},
  volume = {17},
  number = {1},
  pages = {123--138},
  year = {1979},
  publisher = {SIAM}
}

@INPROCEEDINGS{Reinschke1992,
  title = {On strong structural controllability of linear systems}, 
  author = {K. J. {Reinschke} and F. {Svaricek} and H. -. {Wend}},
  booktitle = {Proceedings of the 31st IEEE Conference on Decision and Control}, 
  year = {1992},
  volume = {},
  number = {},
  pages = {203-208 vol.1},
}

@INPROCEEDINGS{Jarczyk2011,
  title = {Strong structural controllability of linear systems revisited}, 
  author = {J. C. {Jarczyk} and F. {Svaricek} and B. {Alt}},
  booktitle = {50th IEEE Conference on Decision and Control and European Control Conference}, 
  year = {2011},
  volume = {},
  number = {},
  pages = {1213-1218},
}

@article{Jia2020,
  author = {J. {Jia} and H. J. {van Waarde} and H. L. {Trentelman} and M. K. {Camlibel}},
  journal = {IEEE Transactions on Automatic Control}, 
  title = {A Unifying Framework for Strong Structural Controllability}, 
  year = {2021},
  volume = {66},
  number = {1},
  pages = {391-398},
}

@article{Yin2018b,
  title = {Subsystem decomposition and distributed moving horizon estimation of wastewater treatment plants},
  author = {Xunyuan Yin and Benjamin Decardi-Nelson and Jinfeng Liu},
  journal = {Chemical Engineering Research and Design},
  volume = {134},
  pages = {405 - 419},
  year = {2018},
}

@article{NagiKiss2013,
  title = {Estimation and diagnosis using multi-models with application to a wastewater treatment plant},
  author = {A.M. Nagy-Kiss and G. Schutz},
  journal = {Journal of Process Control},
  volume = {23},
  number = {10},
  pages = {1528 - 1544},
  year = {2013},
}

@article{Yin2019,
  author = {Yin, Xunyuan and Liu, Jinfeng},
  title = {Subsystem decomposition of process networks for simultaneous distributed state estimation and control},
  journal = {AIChE Journal},
  volume = {65},
  number = {3},
  pages = {904-914},
  year = {2019}
}

@article{Arnold2001,
  author = {Eckhard Arnold and Steffen Dietze},
  title = {Nonlinear Moving Horizon State Estimation of an Activated Sludge Model},
  journal = {IFAC Proceedings Volumes},
  volume = {34},
  number = {8},
  pages = {545 - 550},
  year = {2001},
  note = {9th IFAC Symposium on Large Scale Systems: Theory and Applications 2001, Bucharest, Romania, 18-20 July 2001},
}

@article{Zeng2016,
  author = {Zeng, Jing and Liu, Jinfeng and Zou, Tao and Yuan, Decheng},
  title = {Distributed Extended Kalman Filtering for Wastewater Treatment Processes},
  journal = {Industrial \& Engineering Chemistry Research},
  volume = {55},
  number = {28},
  pages = {7720-7729},
  year = {2016},
}

@article{Pelak2017,
  title = "A dynamical systems framework for crop models: Toward optimal fertilization and irrigation strategies under climatic variability",
  journal = "Ecological Modelling",
  volume = "365",
  pages = "80 - 92",
  year = "2017",
  issn = "0304-3800",
  author = "Norman Pelak and Roberto Revelli and Amilcare Porporato",
}

@TechReport{BocopExamples,
  title = {{Bocop – A collection of examples}},
  author = {Bonnans, Frédéric J. and Giorgi, Daphne and Grelard, Vincent and Heymann, Benjamin and Maindrault, Stephan and Martinon, Pierre and Tissot, Olivier and Liu, Jinyan},
  institution = {INRIA},
  year = {2017},
  url = {http://www.bocop.org}
}