@book{Boylestad,
author = {Boylestad, Robert and Nashelsky, Louis},
title = {Electronic Devices \& Circuit Theory},
edition = {5},
year = {1992}
}

@book{Sedra,
author = {Sedra, Adel and Carless, Kenneth},
title = {Microelectronic  circuits},
edition = {6},
year = {2009}
}

@misc{Fonseca,
  author = {Fonseca, Pedro and Carreira, Rita},
  title = {AmpOp Ideal},
  howpublished = {\url{http://intranet.deei.fct.ualg.pt/AC/Sebenta_Online/www.isr.uc.pt/~paulino/cse/Sebenta_Online/cap_15/ampopid.htm}},
  note = {Accessed: 2021-02-16}
}